<?xml version="1.0" encoding="UTF-8"?><collection xmlns="http://www.loc.gov/MARC21/slim"><record><leader>00425nam--2200133-i-4500</leader><controlfield tag="001">000047196</controlfield><controlfield tag="002">20161230</controlfield><controlfield tag="005">20161230201046</controlfield><controlfield tag="008">060222s1000------------r-----000-0-eng-d</controlfield><datafield ind1=" " ind2=" " tag="080"><subfield code="a">1:7(043)</subfield></datafield><datafield ind1=" " ind2=" " tag="100"><subfield code="a">Weinzierl, Brigitte</subfield></datafield><datafield ind1=" " ind2=" " tag="245"><subfield code="a">Spielplanpolitik im dritten reich und das spielplanprofil 1932/33 bis 1943/44 des bayerischen staatsschauspiels munchen. dissert</subfield></datafield><datafield ind1=" " ind2=" " tag="260"><subfield code="a">Munchen, Univ., 1981, Viii+375p</subfield></datafield><datafield ind1=" " ind2=" " tag="852"><subfield code="a">73477</subfield></datafield></record></collection>